@Article{ref001,
  Title                    = {There are no references for this template, but this is where they could be placed if there were},
  Author                   = {Paige Turner},
  Journal                  = {Working Paper},
  Year                     = {2015},
}

@Article{ref002,
  Title                    = {Or you can place them at the end of each chapter},
  Author                   = {Paige Turner},
  Journal                  = {Working Paper},
  Year                     = {2015},
}

@Article{ref003,
  Title                    = {What you call this section and how you format it should follow the usual convention of your discipline and be acceptable to your committee},
  Author                   = {Paige Turner},
  Journal                  = {Working Paper},
  Year                     = {2015},
}

@Article{ref004,
  Title                    = {See section 1.3.1 for more information},
  Author                   = {Paige Turner},
  Journal                  = {Working Paper},
  Year                     = {2015},
}



